@misc{autofocus, title={How does autofocus work on your smartphone}, howpublished = "\url{https://www.giffgaff.com/blog/how-does-auto-focus-work-on-your-smartphone/}", journal={giffgaff}, publisher={giffgaff}, year={2019}, month={Aug}}

@inproceedings{focusfunction,
  title={Autofocusing algorithm selection in computer microscopy},
  author={Sun, Yu and Duthaler, Stefan and Nelson, Bradley J},
  booktitle={2005 IEEE/RSJ International Conference on Intelligent Robots and Systems},
  pages={70--76},
  year={2005},
  organization={IEEE}
}

@misc{microservice_issues, title={Monitoring and Managing Workflows across Collaborating Microservices}, howpublished = "\url{https://www.infoq.com/articles/monitor-workflow-collaborating-microservices/}", journal={InfoQ}, publisher={InfoQ}, author={R, Bernd}, year={2019}, month={Feb}}

@misc{servicemeshvscontainer, title={Why Service Meshes, Orchestrators Are Do or Die for Cloud Native Deployments}, howpublished = "\url{https://thenewstack.io/why-service-meshes-orchestrators-are-do-or-die-for-cloud-native-deployments/}", journal={The New Stack}, year={2019}, month={Feb}}

@misc{website_techcrunch_istio, title={Google, IBM and Lyft launch Istio, an open-source platform for managing and securing microservices}, howpublished = "\url{https://techcrunch.com/2017/05/24/google-ibm-and-lyft-launch-istio-an-open-source-platform-for-managing-and-securing-microservices/}", journal={TechCrunch}, publisher={TechCrunch}, author={Lardinois, Frederic}, year={2017}, month={May}}

@misc{website_globenewswire_linkerd, title={Buoyant Releases Version 1.0 of Linkerd as Adoption Soars Among Startups and Enterprises}, howpublished = "\url{https://globenewswire.com/news-release/2017/04/25/970882/0/en/Buoyant-Releases-Version-1-0-of-Linkerd-as-Adoption-Soars-Among-Startups-and-Enterprises.html}", journal={GlobeNewswire News Room}, publisher={"GlobeNewswire"}, author={Buoyant}, year={2017}, month={Apr}} 

@misc{servicemesh_grow, title={AMALGAM INSIGHTS: Service Mesh market continues to grow, even as "the market is not as mature as the technology"}, howpublished = "\url{https://www.globenewswire.com/news-release/2019/05/15/1825220/0/en/AMALGAM-INSIGHTS-Service-Mesh-market-continues-to-grow-even-as-the-market-is-not-as-mature-as-the-technology.html}", journal={GlobeNewswire News Room}, publisher={"GlobeNewswire"}, author={Insights, Amalgam}, year={2019}, month={May}}

@article{bahl2007towards,
  title={Towards highly reliable enterprise network services via inference of multi-level dependencies},
  author={Bahl, Paramvir and Chandra, Ranveer and Greenberg, Albert and Kandula, Srikanth and Maltz, David A and Zhang, Ming},
  journal={ACM SIGCOMM Computer Communication Review},
  volume={37},
  number={4},
  pages={13--24},
  year={2007},
  publisher={ACM}
}

@article{kandula2009detailed,
  title={Detailed diagnosis in enterprise networks},
  author={Kandula, Srikanth and Mahajan, Ratul and Verkaik, Patrick and Agarwal, Sharad and Padhye, Jitendra and Bahl, Paramvir},
  journal={ACM SIGCOMM Computer Communication Review},
  volume={39},
  number={4},
  pages={243--254},
  year={2009},
  publisher={ACM}
}

@article{yan2012g,
  title={G-rca: a generic root cause analysis platform for service quality management in large ip networks},
  author={Yan, He and Breslau, Lee and Ge, Zihui and Massey, Dan and Pei, Dan and Yates, Jennifer},
  journal={IEEE/ACM Transactions on Networking (TON)},
  volume={20},
  number={6},
  pages={1734--1747},
  year={2012},
  publisher={IEEE Press}
}

@inproceedings{yu2016cloudseer,
  title={Cloudseer: Workflow monitoring of cloud infrastructures via interleaved logs},
  author={Yu, Xiao and Joshi, Pallavi and Xu, Jianwu and Jin, Guoliang and Zhang, Hui and Jiang, Guofei},
  booktitle={ACM SIGPLAN Notices},
  volume={51},
  number={4},
  pages={489--502},
  year={2016},
  organization={ACM}
}

@inproceedings{li2011cloudprophet,
  title={CloudProphet: towards application performance prediction in cloud},
  author={Li, Ang and Zong, Xuanran and Kandula, Srikanth and Yang, Xiaowei and Zhang, Ming},
  booktitle={ACM SIGCOMM Computer Communication Review},
  volume={41},
  number={4},
  pages={426--427},
  year={2011},
  organization={ACM}
}

@article{mace2018pivot,
  title={Pivot tracing: Dynamic causal monitoring for distributed systems},
  author={Mace, Jonathan and Roelke, Ryan and Fonseca, Rodrigo},
  journal={ACM Transactions on Computer Systems (TOCS)},
  volume={35},
  number={4},
  pages={11},
  year={2018},
  publisher={ACM}
}

@inproceedings{curtsinger2015c,
  title={C oz: finding code that counts with causal profiling},
  author={Curtsinger, Charlie and Berger, Emery D},
  booktitle={Proceedings of the 25th Symposium on Operating Systems Principles},
  pages={184--197},
  year={2015},
  organization={ACM}
}

@inproceedings{kanuparthy2014pythia,
  title={Pythia: Diagnosing performance problems in wide area providers},
  author={Kanuparthy, Partha and Dovrolis, Constantine},
  booktitle={2014 $\{$USENIX$\}$ Annual Technical Conference ($\{$USENIX$\}$$\{$ATC$\}$ 14)},
  pages={371--382},
  year={2014}
}

@inproceedings{arzani2016taking,
  title={Taking the blame game out of data centers operations with netpoirot},
  author={Arzani, Behnaz and Ciraci, Selim and Loo, Boon Thau and Schuster, Assaf and Outhred, Geoff},
  booktitle={Proceedings of the 2016 ACM SIGCOMM Conference},
  pages={440--453},
  year={2016},
  organization={ACM}
}

@inproceedings{wang2014speedy,
  title={How Speedy is $\{$SPDY$\}$?},
  author={Wang, Xiao Sophia and Balasubramanian, Aruna and Krishnamurthy, Arvind and Wetherall, David},
  booktitle={11th $\{$USENIX$\}$ Symposium on Networked Systems Design and Implementation ($\{$NSDI$\}$ 14)},
  pages={387--399},
  year={2014}
}

@inproceedings{ghasemi2017dapper,
  title={Dapper: Data plane performance diagnosis of tcp},
  author={Ghasemi, Mojgan and Benson, Theophilus and Rexford, Jennifer},
  booktitle={Proceedings of the Symposium on SDN Research},
  pages={61--74},
  year={2017},
  organization={ACM}
}

@inproceedings{wang2004automatic,
  title={Automatic Misconfiguration Troubleshooting with PeerPressure.},
  author={Wang, Helen J and Platt, John C and Chen, Yu and Zhang, Ruyun and Wang, Yi-Min},
  booktitle={OSDI},
  volume={4},
  pages={245--257},
  year={2004}
}

@article{mahimkar2011detecting,
  title={Detecting the performance impact of upgrades in large operational networks},
  author={Mahimkar, Ajay Anil and Song, Han Hee and Ge, Zihui and Shaikh, Aman and Wang, Jia and Yates, Jennifer and Zhang, Yin and Emmons, Joanne},
  journal={ACM SIGCOMM Computer Communication Review},
  volume={41},
  number={4},
  pages={303--314},
  year={2011},
  publisher={ACM}
}

@inproceedings{li2018predictive,
  title={Predictive Analysis in Network Function Virtualization},
  author={Li, Zhijing and Ge, Zihui and Mahimkar, Ajay and Wang, Jia and Zhao, Ben Y and Zheng, Haitao and Emmons, Joanne and Ogden, Laura},
  booktitle={Proceedings of the Internet Measurement Conference 2018},
  pages={161--167},
  year={2018},
  organization={ACM}
}

@inproceedings{gan2019seer,
  title={Seer: Leveraging Big Data to Navigate the Complexity of Performance Debugging in Cloud Microservices},
  author={Gan, Yu and Zhang, Yanqi and Hu, Kelvin and Cheng, Dailun and He, Yuan and Pancholi, Meghna and Delimitrou, Christina},
  booktitle={Proceedings of the Twenty-Fourth International Conference on Architectural Support for Programming Languages and Operating Systems},
  pages={19--33},
  year={2019},
  organization={ACM}
}

@misc{MicroBPF, title={alvenwong/MicroBPF}, howpublished = "\url{https://github.com/alvenwong/MicroBPF}", journal={GitHub}, author={Alvenwong}}

@misc{eBPF, title={eBPF - extended Berkeley Packet FilterÂ¶}, howpublished = "\url{https://prototype-kernel.readthedocs.io/en/latest/bpf/}", journal={eBPF - extended Berkeley Packet Filter - Prototype Kernel 0.0.1 documentation}}

@misc{fortio, title={fortio/fortio}, howpublished = "\url{https://github.com/fortio/fortio}", journal={GitHub}, author={Fortio}, year={2019}, month={Apr}}

@misc{googlecloud, title={Google Cloud Platform}, howpublished = "\url{https://cloud.google.com/}", journal={Google}, publisher={Google}}

@misc{bcc, title={iovisor/bcc}, howpublished = "\url{https://github.com/iovisor/bcc}", journal={GitHub}, author={Iovisor}, year={2019}, month={Sep}}

@misc{isotope, title={istio/tools}, howpublished = "\url{https://github.com/istio/tools/tree/master/isotope}", journal={GitHub}, author={Istio}}

@misc{istio, title={Istio}, howpublished = "\url{https://istio.io/}", journal={Istio}}

@misc{envoy_github, title={GitHub envoyproxy/envoy}, howpublished="\url{https://github.com/envoyproxy/envoy}", journal={GitHub}, author={Envoyproxy}, year={2019}, month={Mar}}

@misc{envoy_features, title={What is Envoy}, howpublished="\url{https://www.envoyproxy.io/docs/envoy/latest/intro/what_is_envoy}", journal={Envoy Proxy - Home}}

@misc{cilium_github, title={GitHub cilium/cilium}, howpublished="\url{https://github.com/cilium/cilium}", journal={GitHub}, author={Cilium}, year={2019}, month={Mar}}

@misc{cilium_site, title={API-aware Networking and Security Powered by BPF}, howpublished="\url{http://cilium.io/}", journal={Why is the kernel community replacing iptables with BPF? - Cilium}}

@misc{cilium_blog, title={Cilium - Rethinking Linux Networking and Security for the Age of Microservices}, howpublished="\url{https://cilium.io/blog/2018/04/24/cilium-security-for-age-of-microservices/}", journal={Why is the kernel community replacing iptables with BPF? - Cilium}}

@misc{linkerd_github, title={GitHub linkerd/linkerd}, howpublished="\url{https://github.com/linkerd/linkerd}", journal={GitHub}, author={Linkerd}, year={2019}, month={Mar}}

@misc{linkerd_site, title={Linkerd Introduction}, howpublished="\url{https://linkerd.io/1/overview/}", journal={Linkerd}}

@misc{linkerd_features, title={Linkerd Overview}, howpublished="\url{https://linkerd.io/1/features/}", journal={Linkerd}}

@misc{linkerd_memory, title={Squeezing blood from a stone: small-memory JVM techniques for microservice sidecars}, howpublished="\url{https://blog.buoyant.io/2016/06/17/small-memory-jvm-techniques-for-microservice-sidecars/}", journal={blog.buoyant}, author={Jenson, Steve}, year={2016}, month={Jun}}

@misc{linkerd_monitoring, title={Linkerd Distributed tracing}, howpublished="\url{https://linkerd.io/1/features/distributed-tracing-and-instrumentation/}", journal={Linkerd}}

@misc{linkerd_LB, title={Linkerd Load balancing}, howpublished="\url{https://linkerd.io/1/features/load-balancing/}", journal={Linkerd}}

@misc{envoy_LB, title={Envoy Load balancing}, howpublished="\url{https://www.envoyproxy.io/docs/envoy/v1.6.0/intro/arch_overview/load_balancing}", journal={Envoy Proxy - Home}}

@misc{cilium_LB, title={Introduction to Cilium}, howpublished="\url{https://cilium.readthedocs.io/en/stable/intro/}", journal={BPF and XDP Reference Guide - Cilium 1.3.90 documentation}}

@misc{alvenwong, title={Github alvenwong}, howpublished = "\url{https://github.com/alvenwong}", journal={GitHub}}

@misc{sidecar, title={Sidecar}, howpublished = "\url{https://istio.io/docs/reference/config/networking/v1alpha3/sidecar/}", journal={Istio}, author={read, 10 minute}}

@misc{envoy_site, title={Envoy Proxy - Home}, howpublished = "\url{https://www.envoyproxy.io/}", journal={Envoy Proxy - Home}}

@misc{netem, title = {tc-netem}, howpublished = "\url{http://man7.org/linux/man-pages/man8/tc-netem.8.html}", journal={tc-netem(8) - Linux manual page}}

@misc{tbf, title={tc-tbf(8) - Linux man page}, howpublished = "\url{https://linux.die.net/man/8/tc-tbf}", journal={tc-tbf(8): Token Bucket Filter - Linux man page}}

@misc{ioctl, title = {IOCTL}, howpublished = "\url{http://man7.org/linux/man-pages/man2/ioctl.2.html}", journal={ioctl(2) - Linux manual page}}

@misc{iptables, title = {IPtables}, howpublished = "\url{https://linux.die.net/man/8/iptables}", journal={iptables(8) - Linux man page}}

@misc{bookinfo, title={Bookinfo Application}, howpublished = "\url{https://istio.io/docs/examples/bookinfo/}", journal={Istio}, author={read, 5 minute}}

@misc{hipster, title={GoogleCloudPlatform/microservices-demo}, howpublished = "\url{https://github.com/GoogleCloudPlatform/microservices-demo}", journal={GitHub}, author={GoogleCloudPlatform}, year={2019}, month={Oct}}

@misc{blueperf, title={BLUEPERF}, howpublished = "\url{https://github.com/blueperf/}", journal={GitHub}}

@misc{deathstarbench, title={delimitrou/DeathStarBench}, howpublished = "\url{https://github.com/delimitrou/DeathStarBench}", journal={GitHub}, author={Delimitrou}, year={2019}, month={Oct}}

@misc{kafka, title={Apache Kafka}, howpublished = "\url{https://kafka.apache.org/}", journal={Apache Kafka}}

@inproceedings{naseer2017configtron,
  title={Configtron: Tackling network diversity with heterogeneous configurations.},
  author={Naseer, Usama and Benson, Theophilus},
  booktitle={9th $\{$USENIX$\}$ Workshop on Hot Topics in Cloud Computing (HotCloud 17)},
  year={2017}
}

@inproceedings{khandelwal2019confluo,
  title={Confluo: Distributed Monitoring and Diagnosis Stack for High-speed Networks.},
  author={Khandelwal, Anurag and Agarwal, Rachit and Stoica, Ion},
  booktitle={NSDI},
  pages={421--436},
  year={2019}
}

@inproceedings{yu2011profiling,
  title={Profiling Network Performance for Multi-tier Data Center Applications.},
  author={Yu, Minlan and Greenberg, Albert G and Maltz, David A and Rexford, Jennifer and Yuan, Lihua and Kandula, Srikanth and Kim, Changhoon},
  booktitle={NSDI},
  volume={11},
  pages={5--5},
  year={2011}
}

@inproceedings{mace2018universal,
  title={Universal context propagation for distributed system instrumentation},
  author={Mace, Jonathan and Fonseca, Rodrigo},
  booktitle={Proceedings of the Thirteenth EuroSys Conference},
  pages={8},
  year={2018},
  organization={ACM}
}

@article{sigelman2010dapper,
  title={Dapper, a large-scale distributed systems tracing infrastructure},
  author={Sigelman, Benjamin H and Barroso, Luiz Andre and Burrows, Mike and Stephenson, Pat and Plakal, Manoj and Beaver, Donald and Jaspan, Saul and Shanbhag, Chandan},
  year={2010}
}

@inproceedings{demoulin2019detecting,
  title={Detecting asymmetric application-layer denial-of-service attacks in-flight with finelame},
  author={Demoulin, Henri Maxime and Pedisich, Isaac and Vasilakis, Nikos and Liu, Vincent and Loo, Boon Thau and Phan, Linh Thi Xuan},
  booktitle={2019 $\{$USENIX$\}$ Annual Technical Conference ($\{$USENIX$\}$$\{$ATC$\}$ 19)},
  pages={693--708},
  year={2019}
}

@inproceedings{du2017deeplog,
  title={Deeplog: Anomaly detection and diagnosis from system logs through deep learning},
  author={Du, Min and Li, Feifei and Zheng, Guineng and Srikumar, Vivek},
  booktitle={Proceedings of the 2017 ACM SIGSAC Conference on Computer and Communications Security},
  pages={1285--1298},
  year={2017},
  organization={ACM}
}

@inproceedings{alipourfard2017cherrypick,
  title={Cherrypick: Adaptively unearthing the best cloud configurations for big data analytics},
  author={Alipourfard, Omid and Liu, Hongqiang Harry and Chen, Jianshu and Venkataraman, Shivaram and Yu, Minlan and Zhang, Ming},
  booktitle={14th $\{$USENIX$\}$ Symposium on Networked Systems Design and Implementation ($\{$NSDI$\}$ 17)},
  pages={469--482},
  year={2017}
}

@inproceedings{li2018metis,
  title={Metis: Robustly tuning tail latencies of cloud systems},
  author={Li, Zhao Lucis and Liang, Chieh-Jan Mike and He, Wenjia and Zhu, Lianjie and Dai, Wenjun and Jiang, Jin and Sun, Guangzhong},
  booktitle={2018 $\{$USENIX$\}$ Annual Technical Conference ($\{$USENIX$\}$$\{$ATC$\}$ 18)},
  pages={981--992},
  year={2018}
}

@misc{aws, title = {Amazon Web Services}, howpublished = "\url{https://https://aws.amazon.com/}", journal={AWS}}

@misc{redis, title = {Redis}, howpublished = "\url{https://redis.io/}", journal={Redis}}

@misc{memcached, title = {Memcached}, howpublished = "\url{https://memcached.org/}", journal={Memcached}}

@misc{nginx, title = {Nginx}, howpublished = "\url{https://www.nginx.com/}", journal={Nginx}}

@misc{apache2, title = {Apache2}, howpublished = "\url{https://www.apache.org/}", journal={Aapche}}

@misc{calico, title = {Project Calico}, howpublished = "\url{https://projectcalico.org/}", journal={TIGERA}}

@misc{nodepool, title={Node pools  |  Kubernetes Engine Documentation  |  Google Cloud}, howpublished = "\url{https://cloud.google.com/kubernetes-engine/docs/concepts/node-pools}", journal={Google}, publisher={Google}}
